@article{NV18Truing,
  title={NVIDIA Turing GPU Architecture Whitepaper},
  author={NVIDIA},
  year={2018}
}

% WebGPU

@incollection{K22WebGPU1,
  title={Introduction to the WebGPU API},
  author={Kenwright, Benjamin},
  booktitle={ACM SIGGRAPH 2022 Courses},
  pages={1--184},
  year={2022}
}

@inproceedings{K22WebGPU2,
  title={Introduction to Computer Graphics and Ray-Tracing using the WebGPU API},
  author={Kenwright, Benjamin},
  booktitle={ACM SIGGRAPH Asia 2022 Courses},
  year={2022}
}

% Fluid Books

@incollection{BM07Fluid,
  title={Fluid simulation},
  author={Bridson, Robert and M{\"u}ller-Fischer, Matthias},
  booktitle={ACM SIGGRAPH 2007 courses},
  pages={1--81},
  year={2007}
}

@book{B15Fluid,
  title={Fluid simulation for computer graphics},
  author={Bridson, Robert},
  year={2015},
  publisher={CRC press}
}

@book{K17Fluid,
  title={Fluid engine development},
  author={Kim, Doyub},
  year={2017},
  publisher={CRC Press}
}

% MAC grid

@article{HW65MAC,
  title={Numerical calculation of time-dependent viscous incompressible flow of fluid with free surface},
  author={Harlow, Francis H and Welch, J Eddie},
  journal={The physics of fluids},
  volume={8},
  number={12},
  pages={2182--2189},
  year={1965},
  publisher={American Institute of Physics}
}

% Euler method

@inproceedings{S99EM,
  title={Stable fluids},
  author={Stam, Jos},
  booktitle={Proceedings of the 26th annual conference on Computer graphics and interactive techniques},
  pages={121--128},
  year={1999}
}

@inproceedings{FSJ01Somke,
  title={Visual simulation of smoke},
  author={Fedkiw, Ronald and Stam, Jos and Jensen, Henrik Wann},
  booktitle={Proceedings of the 28th annual conference on Computer graphics and interactive techniques},
  pages={15--22},
  year={2001}
}

@incollection{LGF04EM,
  title={Simulating water and smoke with an octree data structure},
  author={Losasso, Frank and Gibou, Fr{\'e}d{\'e}ric and Fedkiw, Ronald},
  booktitle={Acm siggraph 2004 papers},
  pages={457--462},
  year={2004}
}

@inproceedings{S03EM,
  title={Real-time fluid dynamics for games},
  author={Stam, Jos},
  booktitle={Proceedings of the game developer conference},
  volume={18},
  pages={25},
  year={2003}
}

@article{H05EM,
  title={Fast fluid dynamics simulation on the GPU},
  author={Harris, Mark J},
  journal={SIGGRAPH Courses},
  volume={220},
  number={10.1145},
  pages={1198555--1198790},
  year={2005}
}

@inproceedings{RGR22CPF,
  author = {Rabbani, Amir Hossein and Guertin, Jean-Philippe and Rioux-Lavoie, Damien and Schoentgen, Arnaud and Tong, Kaitai and Sirois-Vigneux, Alexandre and Nowrouzezahrai, Derek},
  title = {Compact Poisson Filters for Fast Fluid Simulation},
  year = {2022},
  publisher = {Association for Computing Machinery},
  address = {New York, NY, USA},
  url = {https://doi.org/10.1145/3528233.3530737},
  doi = {10.1145/3528233.3530737},
  booktitle = {ACM SIGGRAPH 2022 Conference Proceedings},
  articleno = {35},
  numpages = {9},
  location = {Vancouver, BC, Canada},
  series = {SIGGRAPH '22}
}

% advection

@article{KLL06BFECC,
  title={Advections with significantly reduced dissipation and diffusion},
  author={Kim, ByungMoon and Liu, Yingjie and Llamas, Ignacio and Rossignac, Jarek},
  journal={IEEE transactions on visualization and computer graphics},
  volume={13},
  number={1},
  pages={135--144},
  year={2006},
  publisher={IEEE}
}

@article{ZNT18AR,
  title={An advection-reflection solver for detail-preserving fluid simulation},
  author={Zehnder, Jonas and Narain, Rahul and Thomaszewski, Bernhard},
  journal={ACM Transactions on Graphics (TOG)},
  volume={37},
  number={4},
  pages={1--8},
  year={2018},
  publisher={ACM New York, NY, USA}
}

% CG

@misc{S94CG,
  title={An introduction to the conjugate gradient method without the agonizing pain},
  author={Shewchuk, Jonathan Richard},
  year={1994},
  publisher={Carnegie-Mellon University. Department of Computer Science Pittsburgh}
}

@article{HK12IPPCG,
  title={Parallel preconditioned conjugate gradient algorithm on GPU},
  author={Helfenstein, Rudi and Koko, Jonas},
  journal={Journal of Computational and Applied Mathematics},
  volume={236},
  number={15},
  pages={3584--3590},
  year={2012},
  publisher={Elsevier}
}

@inproceedings{MST10MGPCG,
  title={A Parallel Multigrid Poisson Solver for Fluids Simulation on Large Grids.},
  author={McAdams, Aleka and Sifakis, Eftychios and Teran, Joseph},
  booktitle={Symposium on Computer Animation},
  pages={65--73},
  year={2010}
}

% SPH

@article{M92SPH,
  title={Smoothed particle hydrodynamics},
  author={Monaghan, Joe J},
  journal={Annual review of astronomy and astrophysics},
  volume={30},
  number={1},
  pages={543--574},
  year={1992},
  publisher={Annual Reviews 4139 El Camino Way, PO Box 10139, Palo Alto, CA 94303-0139, USA}
}

@article{CR99SPH,
  title={An SPH projection method},
  author={Cummins, Sharen J and Rudman, Murray},
  journal={Journal of computational physics},
  volume={152},
  number={2},
  pages={584--607},
  year={1999},
  publisher={Elsevier}
}

@article{M00SPH,
  title={SPH without a tensile instability},
  author={Monaghan, Joseph J},
  journal={Journal of computational physics},
  volume={159},
  number={2},
  pages={290--311},
  year={2000},
  publisher={Elsevier}
}

@inproceedings{MCG03SPH,
  title={Particle-based fluid simulation for interactive applications},
  author={M{\"u}ller, Matthias and Charypar, David and Gross, Markus},
  booktitle={Proceedings of the 2003 ACM SIGGRAPH/Eurographics symposium on Computer animation},
  pages={154--159},
  year={2003},
  organization={Citeseer}
}

@inproceedings{BT07WCSPH,
  title={Weakly compressible SPH for free surface flows},
  author={Becker, Markus and Teschner, Matthias},
  booktitle={Proceedings of the 2007 ACM SIGGRAPH/Eurographics symposium on Computer animation},
  pages={209--217},
  year={2007}
}

@article{GSS10SPH,
  title={Interactive SPH simulation and rendering on the GPU},
  author={Goswami, Prashant and Schlegel, Philipp and Solenthaler, Barbara and Pajarola, Renato},
  year={2010},
  publisher={University of Zurich}
}

@inproceedings {IOS14SPH,
  booktitle = {Eurographics 2014 - State of the Art Reports},
  editor = {Sylvain Lefebvre and Michela Spagnuolo},
  title = {{SPH Fluids in Computer Graphics}},
  author = {Ihmsen, Markus and Orthmann, Jens and Solenthaler, Barbara and Kolb, Andreas and Teschner, Matthias},
  year = {2014},
  publisher = {The Eurographics Association},
  ISSN = {1017-4656},
  DOI = {10.2312/egst.20141034}
}

@inproceedings {KBS19SPH,
    booktitle = {Eurographics 2019 - Tutorials},
    editor = {Jakob, Wenzel and Puppo, Enrico},
    title = {Smoothed Particle Hydrodynamics Techniques for the Physics Based Simulation of Fluids and Solids},
    author = {Koschier, Dan and Bender, Jan and Solenthaler, Barbara and Teschner, Matthias},
    year = {2019},
    publisher = {The Eurographics Association},
    ISSN = {1017-4656},
    DOI = {10.2312/egt.20191035}
}

@inproceedings{KBS22SPH,
  title={A survey on SPH methods in computer graphics},
  author={Koschier, Dan and Bender, Jan and Solenthaler, Barbara and Teschner, Matthias},
  booktitle={Computer graphics forum},
  volume={41},
  number={2},
  pages={737--760},
  year={2022},
  organization={Wiley Online Library}
}

% boundary

@article{AIA12SPHB,
  title={Versatile rigid-fluid coupling for incompressible SPH},
  author={Akinci, Nadir and Ihmsen, Markus and Akinci, Gizem and Solenthaler, Barbara and Teschner, Matthias},
  journal={ACM Transactions on Graphics (TOG)},
  volume={31},
  number={4},
  pages={1--8},
  year={2012},
  publisher={ACM New York, NY, USA}
}

@inproceedings{KB17SPHB,
  title={Density maps for improved SPH boundary handling},
  author={Koschier, Dan and Bender, Jan},
  booktitle={Proceedings of the ACM SIGGRAPH/Eurographics Symposium on Computer Animation},
  pages={1--10},
  year={2017}
}

@inproceedings{BKW19SPHB,
  title={Volume maps: An implicit boundary representation for SPH},
  author={Bender, Jan and Kugelstadt, Tassilo and Weiler, Marcel and Koschier, Dan},
  booktitle={Proceedings of the 12th ACM SIGGRAPH Conference on Motion, Interaction and Games},
  pages={1--10},
  year={2019}
}


% Surface Tension

@article{AAT13SPH,
  title={Versatile surface tension and adhesion for SPH fluids},
  author={Akinci, Nadir and Akinci, Gizem and Teschner, Matthias},
  journal={ACM Transactions on Graphics (TOG)},
  volume={32},
  number={6},
  pages={1--8},
  year={2013},
  publisher={ACM New York, NY, USA}
}

% PCISPH

@incollection{SP09PCISPH,
  title={Predictive-corrective incompressible SPH},
  author={Solenthaler, Barbara and Pajarola, Renato},
  booktitle={ACM SIGGRAPH 2009 papers},
  pages={1--6},
  year={2009}
}

@inproceedings{BET10PCISPH,
  title={Boundary handling and adaptive time-stepping for PCISPH},
  author={Bender, J and Erleben, K and Teschner, M and others},
  booktitle={Workshop on virtual reality interaction and physical simulation VRIPHYS},
  volume={6},
  year={2010}
}

% PBD

@article{MHH07PBD,
  title={Position based dynamics},
  author={M{\"u}ller, Matthias and Heidelberger, Bruno and Hennix, Marcus and Ratcliff, John},
  journal={Journal of Visual Communication and Image Representation},
  volume={18},
  number={2},
  pages={109--118},
  year={2007},
  publisher={Elsevier}
}

% XSPH
@article{SB2012XSPH,
  title={Ghost SPH for animating water},
  author={Schechter, Hagit and Bridson, Robert},
  journal={ACM Transactions on Graphics (TOG)},
  volume={31},
  number={4},
  pages={1--8},
  year={2012},
  publisher={ACM New York, NY, USA}
}

% PBF

@article{MM13PBF,
  title={Position based fluids},
  author={Macklin, Miles and M{\"u}ller, Matthias},
  journal={ACM Transactions on Graphics (TOG)},
  volume={32},
  number={4},
  pages={1--12},
  year={2013},
  publisher={ACM New York, NY, USA}
}

% IISPH

@article{ICS13IISPH,
  title={Implicit incompressible SPH},
  author={Ihmsen, Markus and Cornelis, Jens and Solenthaler, Barbara and Horvath, Christopher and Teschner, Matthias},
  journal={IEEE transactions on visualization and computer graphics},
  volume={20},
  number={3},
  pages={426--435},
  year={2013},
  publisher={IEEE}
}

% DFSPH

@inproceedings{BK15DFSPH,
  title={Divergence-free smoothed particle hydrodynamics},
  author={Bender, Jan and Koschier, Dan},
  booktitle={Proceedings of the 14th ACM SIGGRAPH/Eurographics symposium on computer animation},
  pages={147--155},
  year={2015}
}

@article{BK16DFSPH,
  title={Divergence-free SPH for incompressible and viscous fluids},
  author={Bender, Jan and Koschier, Dan},
  journal={IEEE Transactions on Visualization and Computer Graphics},
  volume={23},
  number={3},
  pages={1193--1206},
  year={2016},
  publisher={IEEE}
}

% Neighbour search

@article{HSO07SCAN,
  title={Parallel prefix sum (scan) with CUDA},
  author={Harris, Mark and Sengupta, Shubhabrata and Owens, John D},
  journal={GPU gems},
  volume={3},
  number={39},
  pages={851--876},
  year={2007}
}

@article{G10NS,
  title={Particle simulation using cuda},
  author={Green, Simon},
  journal={NVIDIA whitepaper},
  volume={6},
  pages={121--128},
  year={2010}
}

@inproceedings{IAB11NS,
  title={A parallel SPH implementation on multi-core CPUs},
  author={Ihmsen, Markus and Akinci, Nadir and Becker, Markus and Teschner, Matthias},
  booktitle={Computer Graphics Forum},
  volume={30},
  number={1},
  pages={99--112},
  year={2011},
  organization={Wiley Online Library}
}

@inproceedings{RC14NS,
  title={Fast fixed-radius nearest neighbors: interactive million-particle fluids},
  author={Rama C, Hoetzlein},
  booktitle={GPU Technology Conference},
  volume={18},
  pages={2},
  year={2014}
}

@inproceedings{BGT20NS,
  title={Compressed neighbour lists for SPH},
  author={Band, Stefan and Gissler, Christoph and Teschner, Matthias},
  booktitle={Computer Graphics Forum},
  volume={39},
  number={1},
  pages={531--542},
  year={2020},
  organization={Wiley Online Library}
}

% FLIP

@article{BR86FLIP,
  title={FLIP: A method for adaptively zoned, particle-in-cell calculations of fluid flows in two dimensions},
  author={Brackbill, Jeremiah U and Ruppel, Hans M},
  journal={Journal of Computational physics},
  volume={65},
  number={2},
  pages={314--343},
  year={1986},
  publisher={Elsevier}
}

@article{ZB05FLIP,
  title={Animating sand as a fluid},
  author={Zhu, Yongning and Bridson, Robert},
  journal={ACM Transactions on Graphics (TOG)},
  volume={24},
  number={3},
  pages={965--972},
  year={2005},
  publisher={ACM New York, NY, USA}
}

@article{KLT19FLIP,
  title={Implicit density projection for volume conserving liquids},
  author={Kugelstadt, Tassilo and Longva, Andreas and Thuerey, Nils and Bender, Jan},
  journal={IEEE Transactions on Visualization and Computer Graphics},
  volume={27},
  number={4},
  pages={2385--2395},
  year={2019},
  publisher={IEEE}
}

% PIC

@techreport{H62PIC,
  title={The particle-in-cell method for numerical solution of problems in fluid dynamics},
  author={Harlow, Francis H},
  year={1962},
  institution={Los Alamos National Lab.(LANL), Los Alamos, NM (United States)}
}

@article{JSS15APIC,
  title={The affine particle-in-cell method},
  author={Jiang, Chenfanfu and Schroeder, Craig and Selle, Andrew and Teran, Joseph and Stomakhin, Alexey},
  journal={ACM Transactions on Graphics (TOG)},
  volume={34},
  number={4},
  pages={1--10},
  year={2015},
  publisher={ACM New York, NY, USA}
}

@article{JST17APIC,
  title={An angular momentum conserving affine-particle-in-cell method},
  author={Jiang, Chenfanfu and Schroeder, Craig and Teran, Joseph},
  journal={Journal of Computational Physics},
  volume={338},
  pages={137--164},
  year={2017},
  publisher={Elsevier}
}

% MPM

@incollection{JST16MPM,
  title={The material point method for simulating continuum materials},
  author={Jiang, Chenfanfu and Schroeder, Craig and Teran, Joseph and Stomakhin, Alexey and Selle, Andrew},
  booktitle={Acm siggraph 2016 courses},
  pages={1--52},
  year={2016}
}

@article{HFG18MSLMPM,
  title={A moving least squares material point method with displacement discontinuity and two-way rigid body coupling},
  author={Hu, Yuanming and Fang, Yu and Ge, Ziheng and Qu, Ziyin and Zhu, Yixin and Pradhana, Andre and Jiang, Chenfanfu},
  journal={ACM Transactions on Graphics (TOG)},
  volume={37},
  number={4},
  pages={1--14},
  year={2018},
  publisher={ACM New York, NY, USA}
}

@article{GWW18MPM,
  title={GPU optimization of material point methods},
  author={Gao, Ming and Wang, Xinlei and Wu, Kui and Pradhana, Andre and Sifakis, Eftychios and Yuksel, Cem and Jiang, Chenfanfu},
  journal={ACM Transactions on Graphics (TOG)},
  volume={37},
  number={6},
  pages={1--12},
  year={2018},
  publisher={ACM New York, NY, USA}
}

@article{HLA19Taichi,
  title={Taichi: a language for high-performance computation on spatially sparse data structures},
  author={Hu, Yuanming and Li, Tzu-Mao and Anderson, Luke and Ragan-Kelley, Jonathan and Durand, Fr{\'e}do},
  journal={ACM Transactions on Graphics (TOG)},
  volume={38},
  number={6},
  pages={1--16},
  year={2019},
  publisher={ACM New York, NY, USA}
}

% fluid rendering

@inproceedings{MSD07SSM,
  title={Screen space meshes},
  author={M{\"u}ller, Matthias and Schirm, Simon and Duthaler, Stephan},
  booktitle={Proceedings of the 2007 ACM SIGGRAPH/Eurographics symposium on Computer animation},
  pages={9--15},
  year={2007}
}

@inproceedings{VGS09SSF,
  title={Screen space fluid rendering with curvature flow},
  author={van der Laan, Wladimir J and Green, Simon and Sainz, Miguel},
  booktitle={Proceedings of the 2009 symposium on Interactive 3D graphics and games},
  pages={91--98},
  year={2009}
}

@inproceedings{BSW10LPF,
  title={A layered particle-based fluid model for real-time rendering of water},
  author={Bagar, Florian and Scherzer, Daniel and Wimmer, Michael},
  booktitle={Computer Graphics Forum},
  volume={29},
  number={4},
  pages={1383--1389},
  year={2010},
  organization={Wiley Online Library}
}

@inproceedings{G10SSF,
  title={Screen space fluid rendering for games},
  author={Green, Simon},
  booktitle={Proceedings for the Game Developers Conference},
  year={2010},
  organization={Moscone Center San Francisco, CA}
}

@article{TY18NRSSF,
  title={A narrow-range filter for screen-space fluid rendering},
  author={Truong, Nghia and Yuksel, Cem},
  journal={Proceedings of the ACM on Computer Graphics and Interactive Techniques},
  volume={1},
  number={1},
  pages={1--15},
  year={2018},
  publisher={ACM New York, NY, USA}
}

@inproceedings{OP22NBSSF,
  title={Narrow-Band Screen-Space Fluid Rendering},
  author={Oliveira, Felipe and Paiva, Afonso},
  booktitle={Computer Graphics Forum},
  volume={41},
  number={6},
  pages={82--93},
  year={2022},
  organization={Wiley Online Library}
}

% level set

@article{OS88LS,
  title={Fronts propagating with curvature-dependent speed: Algorithms based on Hamilton-Jacobi formulations},
  author={Osher, Stanley and Sethian, James A},
  journal={Journal of computational physics},
  volume={79},
  number={1},
  pages={12--49},
  year={1988},
  publisher={Elsevier}
}

@article{EFF02LS,
  title={A hybrid particle level set method for improved interface capturing},
  author={Enright, Douglas and Fedkiw, Ronald and Ferziger, Joel and Mitchell, Ian},
  journal={Journal of Computational physics},
  volume={183},
  number={1},
  pages={83--116},
  year={2002},
  publisher={Elsevier}
}

% surface reconstruction

@article{LC87MC,
  title={Marching cubes: A high resolution 3D surface construction algorithm},
  author={Lorensen, William E and Cline, Harvey E},
  journal={ACM siggraph computer graphics},
  volume={21},
  number={4},
  pages={163--169},
  year={1987},
  publisher={ACM New York, NY, USA}
}

@inproceedings{AIA12SR,
  title={Parallel surface reconstruction for particle-based fluids},
  author={Akinci, Gizem and Ihmsen, Markus and Akinci, Nadir and Teschner, Matthias},
  booktitle={Computer graphics forum},
  volume={31},
  number={6},
  pages={1797--1809},
  year={2012},
  organization={Wiley Online Library}
}

@inproceedings {AAI12SR,
  booktitle = {Workshop on Virtual Reality Interaction and Physical Simulation},
  editor = {Jan Bender and Arjan Kuijper and Dieter W. Fellner and Eric Guerin},
  title = {{An Efficient Surface Reconstruction Pipeline for Particle-Based Fluids}},
  author = {Akinci, Gizem and Akinci, Nadir and Ihmsen, Markus and Teschner, Matthias},
  year = {2012},
  publisher = {The Eurographics Association},
  ISBN = {978-3-905673-96-8},
  DOI = {10.2312/PE/vriphys/vriphys12/061-068}
}

@article{YT13AK,
  title={Reconstructing surfaces of particle-based fluids using anisotropic kernels},
  author={Yu, Jihun and Turk, Greg},
  journal={ACM Transactions on Graphics (TOG)},
  volume={32},
  number={1},
  pages={1--12},
  year={2013},
  publisher={ACM New York, NY, USA}
}

%

@inproceedings{KSN08MB,
  title={GPU-based fast ray casting for a large number of metaballs},
  author={Kanamori, Yoshihiro and Szego, Zoltan and Nishita, Tomoyuki},
  booktitle={Computer Graphics Forum},
  volume={27},
  number={2},
  pages={351--360},
  year={2008},
  organization={Wiley Online Library}
}

@article{ZSP08ASR,
  title={Adaptive sampling and rendering of fluids on the GPU},
  author={Zhang, Yanci and Solenthaler, Barbara and Pajarola, Renato},
  year={2008},
  publisher={University of Zurich}
}

@article{ADA13SSF,
  title={Screen space foam rendering},
  author={Akinci, Nadir and Dippel, Alexander and Akinci, Gizem and Teschner, Matthias},
  year={2013},
  publisher={V{\'a}clav Skala-Union Agency}
}

@article{IKM16SSF,
  title={Real-time screen-space liquid rendering with complex refractions},
  author={Imai, Takuya and Kanamori, Yoshihiro and Mitani, Jun},
  journal={Computer Animation and Virtual Worlds},
  volume={27},
  number={3-4},
  pages={425--434},
  year={2016},
  publisher={Wiley Online Library}
}

% RTR

@book{AHH19RTR,
  title={Real-time rendering},
  author={Akenine-M{\"o}ller, Tomas and Haines, Eric and Hoffman, Naty},
  year={2019},
  publisher={CRC Press}
}

@inproceedings{S94BRDF,
  title={An inexpensive BRDF model for physically-based rendering},
  author={Schlick, Christophe},
  booktitle={Computer graphics forum},
  volume={13},
  number={3},
  pages={233--246},
  year={1994},
  organization={Wiley Online Library}
}

%SDF
@article{BH05SDF,
  title={Signed distance computation using the angle weighted pseudonormal},
  author={B{\ae}rentzen, Jakob Andreas and Aanaes, Henrik},
  journal={IEEE Transactions on Visualization and Computer Graphics},
  volume={11},
  number={3},
  pages={243--253},
  year={2005},
  publisher={IEEE}
}